@book{ goldman,
  title={What is Justified Beleif?},
  author={Alvin I. Goldman}
}
@book{ nozick,
  title={Knoweldge and Scepticsm},
  author={Robert Nozick}
}

@book{ gettier,
  title={Is Justified True Beleif Knoweldge?},
  author={Edmund Gettier}
}

@misc{ internetpedia,
  title={Epistemic Luck},
  author={Mylan Engel Jr.},
  howpublished={Web}
}

@booklet{ lec8,
  title={Epistemic Luck and Reliabilism about Knowledge and Justification},
  note={Lecture Handout for October 4th, 2017}
}
